% http://scholar.google.hr -> " (ikona navodnici - citiraj) -> bibtex

@article{tbp,
  title={Teorija i primjena baza podataka},
  author={Malekovi{\'c}, M and Schatten, M},
  journal={Fakultet organizacije i informatike, Vara{\v{z}}din},
  year={2017}
}
@article{postgres,
  title={PostgreSQL},
  author={PostgreSQL, Behandelt},
  journal={Web resource: http://www. PostgreSQL. org/about},
  year={1996}
}
@book{microsoft,
  title={Visual Studio. NET: The. NET Framework Black Book},
  author={Templeman, Julian and Vitter, David},
  year={2002},
  publisher={Coriolis}
}
@online{npgsql,
  type = {article},
  title = {Npgsql, DotNet Access to PostgreSQL},
  author = {Npgsql},
  date = {2022},
  url = {https://www.npgsql.org/\#about},
  urldate = {2023-01-07},
  langid = {english},
  organization = {Npgsql}
}
@online{datagrip,
  type = {article},
  title = {DataGrip},
  author = {DataGrip},
  date = {2022},
  url = {https://www.jetbrains.com/help/datagrip/meet-the-product.html},
  urldate = {2023-01-08},
  langid = {english},
  organization = {DataGrip}
}